@article{rangel2016overview,
  title={Overview of the 4th author profiling task at PAN 2016: cross-genre evaluations},
  author={Rangel, Francisco and Rosso, Paolo and Verhoeven, Ben and Daelemans, Walter and Potthast, Martin and Stein, Benno},
  year = {2016},
}

@article{bojanowski2016enriching,
  title={Enriching Word Vectors with Subword Information},
  author={Bojanowski, Piotr and Grave, Edouard and Joulin, Armand and Mikolov, Tomas},
  journal={arXiv preprint arXiv:1607.04606},
  year={2016}
}

@InProceedings{tulkens2016evaluating,
  author = {Stephan Tulkens and Chris Emmery and Walter Daelemans},
  title = {Evaluating Unsupervised Dutch Word Embeddings as a Linguistic Resource},
  booktitle = {Proceedings of the Tenth International Conference on Language Resources and Evaluation (LREC 2016)},
  year = {2016},
  month = {may},
  date = {23-28},
  location = {Portoro≈æ, Slovenia},
  editor = {Nicoletta Calzolari (Conference Chair) and Khalid Choukri and Thierry Declerck and Marko Grobelnik and Bente Maegaard and Joseph Mariani and Asuncion Moreno and Jan Odijk and Stelios Piperidis},
  publisher = {European Language Resources Association (ELRA)},
  address = {Paris, France},
  isbn = {978-2-9517408-9-1},
  language = {english}
 }

 @inproceedings{pennington2014glove,
   author = {Jeffrey Pennington and Richard Socher and Christopher D. Manning},
   booktitle = {Empirical Methods in Natural Language Processing (EMNLP)},
   title = {GloVe: Global Vectors for Word Representation},
   year = {2014},
   pages = {1532--1543},
   url = {http://www.aclweb.org/anthology/D14-1162},
 }

 @misc{cardellinoSBWCE,
      author = {Cardellino, Cristian},
      title = {Spanish {B}illion {W}ords {C}orpus and {E}mbeddings},
      url = {http://crscardellino.me/SBWCE/},
      month = {March},
      year = {2016},
      type={blog}
 }

 @article{nadbordrozd,
      author = {Drozd, Nadbor},
      title = {Text Classification With Word2Vec},
      journal = {DS lore},
      url = {http://nadbordrozd.github.io/blog/2016/05/20/text-classification-with-word2vec/},
      type={blog},
      month = {May},
      year = {2016},
      howpublished = "blog"
 }

 @misc{rob,
  author = "de Groot, Rob",
  month = {April},
  year = {2017},
  howpublished = "personal communication"
}

@book{bird2009natural,
  title={Natural language processing with Python: analyzing text with the natural language toolkit},
  author={Bird, Steven and Klein, Ewan and Loper, Edward},
  year={2009},
  publisher={" O'Reilly Media, Inc."}
}

@article{scikit-learn,
 title={Scikit-learn: Machine Learning in {P}ython},
 author={Pedregosa, F. and Varoquaux, G. and Gramfort, A. and Michel, V.
         and Thirion, B. and Grisel, O. and Blondel, M. and Prettenhofer, P.
         and Weiss, R. and Dubourg, V. and Vanderplas, J. and Passos, A. and
         Cournapeau, D. and Brucher, M. and Perrot, M. and Duchesnay, E.},
 journal={Journal of Machine Learning Research},
 volume={12},
 pages={2825--2830},
 year={2011}
}